<?xml version="1.0" encoding="UTF-8"?><collection xmlns="http://www.loc.gov/MARC21/slim"><record><leader>00522nam--2200157-i-4500</leader><controlfield tag="001">000006438</controlfield><controlfield tag="002">20161230</controlfield><controlfield tag="005">20170114220710</controlfield><controlfield tag="008">060222s1000------------r-----000-0-eng-d</controlfield><datafield ind1=" " ind2=" " tag="100"><subfield code="a">Bischoff, Dieter</subfield></datafield><datafield ind1=" " ind2=" " tag="245"><subfield code="a">Uber die behandlung der oberflache von pigment en mit organischen stoffen und diesich hieraus ergebenden veranderungen der anwendungstechnis chen eigenschaften</subfield></datafield><datafield ind1=" " ind2=" " tag="260"><subfield code="a">Stuttgart</subfield><subfield code="b">Technische Hochschule</subfield><subfield code="c">1962</subfield></datafield><datafield ind1=" " ind2=" " tag="300"><subfield code="a">102 p</subfield></datafield><datafield ind1=" " ind2=" " tag="490"><subfield code="a">Disertatie</subfield></datafield><datafield ind1=" " ind2=" " tag="852"><subfield code="a">18994</subfield></datafield><datafield ind1=" " ind2=" " tag="CAT"><subfield code="a">SYS</subfield><subfield code="c">20170114</subfield><subfield code="h">220710</subfield></datafield></record></collection>